
@book{leinster:categories,
  author = {Leinster, T.},
  title = {Basic Category Theory},
  url = {https://arxiv.org/abs/1612.09375},
  publisher = {arXiv},
  year = {2016}
}

@book{AdamekHerrlichStrecker:joy,
  title = {Abstract and Concrete Categories: The Joy of Cats},
  author = {Ad{\'a}mek, J. and Herrlich, H. and Strecker, G.E.},
  url = {http://www.tac.mta.ca/tac/reprints/articles/17/tr17.pdf},
  year = {2006},
  publisher = {Reprints in Theory and Applications of Categories}
}

@book{riehl:categories,
  title = {Category Theory in Context},
  author = {Riehl, E.},
  series = {Aurora: Dover Modern Math Originals},
  url = {https://math.jhu.edu/~eriehl/context/},
  year = {2017},
  publisher = {Dover Publications}
}

@book{maclane:categories,
  title = {Categories for the Working Mathematician},
  author = {Mac Lane, Saunders},
  series = {Graduate Texts in Mathematics},
  doi = {10.1007/978-1-4757-4721-8},
  year = {1978},
  publisher = {Springer New York, NY}
}

%@book{strom:homotopy,
%  title = {Modern Classical Homotopy Theory},
%  author = {Strom, J.},
%  series = {Graduate studies in mathematics},
%  year = {2011},
%  publisher = {American Mathematical Society}
%}

%@book{hatcher:algebraic,
%  title={Algebraic Topology},
%  author={Hatcher, A.},
%  url={https://pi.math.cornell.edu/~hatcher/AT/ATpage.html},
%  year={2002},
%  publisher={Cambridge University Press}
%}

